5635 7897
1496 1850 1582 1898 en
1605 1835 1875 1920 largeur
1893 1846 1963 1898 et
1984 1845 2312 1919 prement
2330 1828 2875 1929 immediatement
2893 1831 3225 1898 nsisssnee
3243 1852 3360 1898 sur
3384 1833 3452 1900 le
3473 1832 3642 1916 Bois,
3664 1831 3957 1902 l’eooree

1495 1974 1581 2020 ou
1624 1955 1688 2018 la
1728 1973 2019 2018 moussee
2074 1953 2122 2015 il
2164 1949 2307 2016 faut
2350 1951 2495 2017 dire
2539 1972 2669 2039 que
2711 1972 2792 2017 ce
2837 1952 3269 2040 champignon
3308 1953 3410 2018 n’a
3463 1974 3578 2037 pas
3622 1953 3708 2021 de
3750 1955 3957 2035 cheir,

1491 2075 1647 2140 mais
1689 2075 2055 2141 seulement
2095 2091 2227 2137 une
2266 2072 2611 2137 matricule
2651 2071 2984 2156 byssoide.

2348 2610 2768 2665 EXPLICATIO
2804 2610 3117 2664 TABULAE.

1665 2848 2097 2934 Physisporus
2138 2847 2369 2912 radula
2411 2850 2689 2912 naturali
2728 2849 3169 2937 magnitudine
3201 2844 3504 2912 refertur
3529 2846 3613 2910 ad
3640 2847 3962 2913 corticem

1493 2969 1718 3034 trunci
1759 2968 2005 3054 Populi
2046 2968 2274 3055 nigrae
2317 2971 2496 3034 inter
2536 2986 2799 3035 muscos
2845 2983 2916 3035 et
2959 2969 3219 3057 quidem
3262 2969 3331 3033 in
3369 2968 3602 3034 muscis
3644 2968 3961 3056 lignoque

1493 3087 1907 3154 decorticata
1953 3108 2277 3154 crescens.
2322 3089 2530 3154 Color
2575 3089 3052 3176 crescendique
3093 3087 3325 3153 modus
3366 3102 3465 3157 sat
3493 3087 3690 3169 varii,
3734 3101 3810 3152 ut
3831 3087 3964 3173 jam

1493 3207 1897 3297 demonstrat
1949 3208 2111 3274 haec
2164 3208 2420 3273 tabula:
2483 3230 2678 3295 saepe
2734 3209 3094 3274 albissimus
3133 3208 3327 3275 valde
3372 3228 3689 3295 expansus
3730 3226 3964 3292 super-

1488 3325 1641 3392 ficie
1680 3328 1831 3414 plus
1851 3327 2144 3393 minusve
2188 3327 2499 3414 gibbosus
2524 3329 2642 3393 sed
2683 3329 2936 3395 ideirco
2978 3329 3228 3412 tenuis3
3268 3326 3464 3391 modo
3500 3326 3963 3391 determinatus

1491 3460 1561 3510 et
1616 3446 1685 3507 in
1740 3465 1923 3510 areas
1977 3450 2449 3531 approximans
2504 3445 2981 3535 difformesque
3022 3449 3206 3513 varie
3250 3446 3817 3531 circumscriptus,
3874 3438 3962 3509 ex

1493 3563 1824 3629 ochi-aceo
1870 3563 2129 3628 tandem
2167 3563 2527 3630 ruffesoens.
3657 3579 3664 3585 ·

1490 3683 1635 3770 Fig.
1677 3670 1748 3753 α’.
1791 3685 2257 3768 Fragmentum
2301 3683 2590 3768 ejusdem
2645 3683 2835 3773 fungi
2875 3686 2995 3750 sub
3051 3686 3232 3750 lente
3275 3699 3540 3753 auctum
3583 3706 3733 3752 oum
3773 3684 3961 3772 poris

1899 3802 2355 3889 marginalibus
2399 3816 2469 3867 et
2510 3803 2829 3868 tuborum
2872 3803 3321 3890 dispositione.
3397 3786 3404 3799 ι

1486 3921 1633 4008 Fig.
1678 3921 1740 3992 b.
1786 3920 1961 3987 'rubi
2005 3922 2331 3987 centrales
2376 3922 2566 3989 valdo
2622 3920 3024 4010 amplificati,
3084 3944 3371 4014 quorum
3410 3924 3735 4012 margines
3777 3923 3961 3993 varie

1904 4042 2151 4109 dentati
2193 4055 2788 4132 repraesentantur.
