<?xml version="1.0" encoding="UTF-8"?>
<!DOCTYPE html PUBLIC "-//W3C//DTD XHTML 1.0 Transitional//EN"
    "http://www.w3.org/TR/xhtml1/DTD/xhtml1-transitional.dtd">
<html xmlns="http://www.w3.org/1999/xhtml" xml:lang="en" lang="en">
 <head>
  <title>
</title>
<meta http-equiv="Content-Type" content="text/html;charset=utf-8" />
  <meta name='ocr-system' content='tesseract 3.04.00' />
  <meta name='ocr-capabilities' content='ocr_page ocr_carea ocr_par ocr_line ocrx_word'/>
</head>
<body>
  <div class='ocr_page' id='page_1' title='image "./fungorumetbysso00chevgoog_0009.png"; bbox 0 0 5635 7897; ppageno 0'>
   <div class='ocr_carea' id='block_1_1' title="bbox 2526 2616 3195 2720">
    <p class='ocr_par' dir='ltr' id='par_1_1' title="bbox 2526 2616 3195 2720">
     <span class='ocr_line' id='line_1_1' title="bbox 2526 2616 3195 2720; baseline 0.001 -3"><span class='ocrx_word' id='word_1_1' title='bbox 2526 2616 3195 2720; x_wconf 87' lang='lat' dir='ltr'><strong>PRAEFATIO.</strong></span> 
     </span>
    </p>
   </div>
   <div class='ocr_carea' id='block_1_2' title="bbox 1574 3028 4182 5469">
    <p class='ocr_par' dir='ltr' id='par_1_2' title="bbox 1621 3028 4110 3401">
     <span class='ocr_line' id='line_1_2' title="bbox 1621 3028 4110 3151; baseline -0.001 -24"><span class='ocrx_word' id='word_1_2' title='bbox 1621 3028 1718 3127; x_wconf 85' lang='lat' dir='ltr'><strong>In</strong></span> <span class='ocrx_word' id='word_1_3' title='bbox 1766 3046 1911 3124; x_wconf 88' lang='lat' dir='ltr'><strong>hac</strong></span> <span class='ocrx_word' id='word_1_4' title='bbox 1957 3045 2495 3147; x_wconf 79' lang='lat' dir='ltr'><strong>vegetabilium</strong></span> <span class='ocrx_word' id='word_1_5' title='bbox 2547 3063 2761 3146; x_wconf 88' lang='lat' dir='ltr'><strong>parte</strong></span> <span class='ocrx_word' id='word_1_6' title='bbox 2816 3070 3068 3151; x_wconf 24' lang='lat' dir='ltr'><strong>quamv</strong></span> <span class='ocrx_word' id='word_1_7' title='bbox 3091 3060 3453 3121; x_wconf 83' lang='lat' dir='ltr'><strong>tracturus</strong></span> <span class='ocrx_word' id='word_1_8' title='bbox 3508 3070 3675 3120; x_wconf 86' lang='lat' dir='ltr'><strong>sum</strong></span> <span class='ocrx_word' id='word_1_9' title='bbox 3692 3099 3716 3141; x_wconf 90' lang='lat'><strong><em>,</em></strong></span> <span class='ocrx_word' id='word_1_10' title='bbox 3777 3053 4110 3129; x_wconf 32' lang='lat' dir='ltr'><strong>maxime(</strong></span> 
     </span>
     <span class='ocr_line' id='line_1_3' title="bbox 1622 3180 4099 3286; baseline 0 -25"><span class='ocrx_word' id='word_1_11' title='bbox 1622 3185 1869 3261; x_wconf 85' lang='lat' dir='ltr'><strong>valent</strong></span> <span class='ocrx_word' id='word_1_12' title='bbox 1898 3187 2153 3259; x_wconf 85' lang='lat' dir='ltr'><strong>icones</strong></span> <span class='ocrx_word' id='word_1_13' title='bbox 2181 3200 2521 3259; x_wconf 88' lang='lat' dir='ltr'><strong>accurate</strong></span> <span class='ocrx_word' id='word_1_14' title='bbox 2549 3182 2955 3258; x_wconf 80' lang='lat' dir='ltr'><strong>coloratae:</strong></span> <span class='ocrx_word' id='word_1_15' title='bbox 2978 3180 3115 3279; x_wconf 26' lang='lat' dir='ltr'><strong>*hic</strong></span> <span class='ocrx_word' id='word_1_16' title='bbox 3149 3184 3553 3283; x_wconf 82' lang='lat' dir='ltr'><strong>praecipue</strong></span> <span class='ocrx_word' id='word_1_17' title='bbox 3587 3202 3872 3261; x_wconf 79' lang='lat' dir='ltr'><strong>constat</strong></span> <span class='ocrx_word' id='word_1_18' title='bbox 3901 3211 4099 3286; x_wconf 89' lang='lat' dir='ltr'><strong>ope-</strong></span> 
     </span>
     <span class='ocr_line' id='line_1_4' title="bbox 1621 3324 1960 3401; baseline -0.018 0"><span class='ocrx_word' id='word_1_19' title='bbox 1621 3324 1724 3401; x_wconf 79' lang='lat' dir='ltr'><strong>ris</strong></span> <span class='ocrx_word' id='word_1_20' title='bbox 1750 3324 1960 3396; x_wconf 87' lang='lat' dir='ltr'><strong>ratio.</strong></span> 
     </span>
    </p>

    <p class='ocr_par' dir='ltr' id='par_1_3' title="bbox 1574 3454 4182 4239">
     <span class='ocr_line' id='line_1_5' title="bbox 1777 3454 4100 3560; baseline -0.001 -25"><span class='ocrx_word' id='word_1_21' title='bbox 1777 3462 1988 3558; x_wconf 78' lang='lat' dir='ltr'><strong>Byssi</strong></span> <span class='ocrx_word' id='word_1_22' title='bbox 2010 3460 2040 3491; x_wconf 72' lang='lat'><strong>’⁶</strong></span> <span class='ocrx_word' id='word_1_23' title='bbox 2072 3460 2346 3533; x_wconf 84' lang='lat' dir='ltr'><strong>etenim</strong></span> <span class='ocrx_word' id='word_1_24' title='bbox 2388 3455 2645 3532; x_wconf 85' lang='lat' dir='ltr'><strong>oculos</strong></span> <span class='ocrx_word' id='word_1_25' title='bbox 2690 3454 2792 3532; x_wconf 84' lang='lat' dir='ltr'><strong>ob</strong></span> <span class='ocrx_word' id='word_1_26' title='bbox 2840 3459 3261 3532; x_wconf 75' lang='lat' dir='ltr'><strong>tenuitatem</strong></span> <span class='ocrx_word' id='word_1_27' title='bbox 3296 3454 3738 3560; x_wconf 87' lang='lat' dir='ltr'><strong>plerumque</strong></span> <span class='ocrx_word' id='word_1_28' title='bbox 3781 3458 4100 3558; x_wconf 82' lang='lat' dir='ltr'><strong>fugiunt,</strong></span> 
     </span>
     <span class='ocr_line' id='line_1_6' title="bbox 1623 3591 4102 3694; baseline -0.001 -23"><span class='ocrx_word' id='word_1_29' title='bbox 1623 3599 1932 3671; x_wconf 89' lang='lat' dir='ltr'><strong>minimo</strong></span> <span class='ocrx_word' id='word_1_30' title='bbox 1979 3596 2165 3669; x_wconf 88' lang='lat' dir='ltr'><strong>aeris</strong></span> <span class='ocrx_word' id='word_1_31' title='bbox 2188 3592 2451 3669; x_wconf 82' lang='lat' dir='ltr'><strong>afflatu</strong></span> <span class='ocrx_word' id='word_1_32' title='bbox 2480 3617 2656 3668; x_wconf 87' lang='lat' dir='ltr'><strong>mox</strong></span> <span class='ocrx_word' id='word_1_33' title='bbox 2687 3591 3244 3676; x_wconf 80' lang='lat' dir='ltr'><strong>confunduntur</strong></span> <span class='ocrx_word' id='word_1_34' title='bbox 3273 3608 3346 3667; x_wconf 94' lang='lat' dir='ltr'><strong>et</strong></span> <span class='ocrx_word' id='word_1_35' title='bbox 3380 3611 3627 3694; x_wconf 81' lang='lat' dir='ltr'><strong>partes</strong></span> <span class='ocrx_word' id='word_1_36' title='bbox 3657 3591 3846 3670; x_wconf 89' lang='lat' dir='ltr'><strong>adeo</strong></span> <span class='ocrx_word' id='word_1_37' title='bbox 3874 3598 4102 3669; x_wconf 88' lang='lat' dir='ltr'><strong>intri-</strong></span> 
     </span>
     <span class='ocr_line' id='line_1_7' title="bbox 1626 3728 4100 3831; baseline -0.001 -21"><span class='ocrx_word' id='word_1_38' title='bbox 1626 3750 1890 3810; x_wconf 82' lang='lat' dir='ltr'><strong>cantur</strong></span> <span class='ocrx_word' id='word_1_39' title='bbox 1925 3749 2006 3807; x_wconf 89' lang='lat' dir='ltr'><strong>ut</strong></span> <span class='ocrx_word' id='word_1_40' title='bbox 2033 3733 2188 3831; x_wconf 86' lang='lat' dir='ltr'><strong>jam</strong></span> <span class='ocrx_word' id='word_1_41' title='bbox 2218 3728 2548 3826; x_wconf 77' lang='lat' dir='ltr'><strong>habitus,</strong></span> <span class='ocrx_word' id='word_1_42' title='bbox 2595 3733 2737 3807; x_wconf 79' lang='lat' dir='ltr'><strong>nisi</strong></span> <span class='ocrx_word' id='word_1_43' title='bbox 2767 3732 3159 3806; x_wconf 77' lang='lat' dir='ltr'><strong>occasione</strong></span> <span class='ocrx_word' id='word_1_44' title='bbox 3186 3729 3629 3811; x_wconf 78' lang='lat' dir='ltr'><strong>observandi</strong></span> <span class='ocrx_word' id='word_1_45' title='bbox 3658 3729 3868 3827; x_wconf 84' lang='lat' dir='ltr'><strong>data,</strong></span> <span class='ocrx_word' id='word_1_46' title='bbox 3918 3757 4100 3808; x_wconf 87' lang='lat' dir='ltr'><strong>eva-</strong></span> 
     </span>
     <span class='ocr_line' id='line_1_8' title="bbox 1624 3863 4110 3969; baseline 0 -26"><span class='ocrx_word' id='word_1_47' title='bbox 1624 3883 1915 3962; x_wconf 70' lang='lat' dir='ltr'><strong>neecat3</strong></span> <span class='ocrx_word' id='word_1_48' title='bbox 1968 3870 2439 3969; x_wconf 82' lang='lat' dir='ltr'><strong>caeteroquin</strong></span> <span class='ocrx_word' id='word_1_49' title='bbox 2477 3869 2936 3943; x_wconf 81' lang='lat' dir='ltr'><strong>conservatio</strong></span> <span class='ocrx_word' id='word_1_50' title='bbox 2964 3863 3435 3959; x_wconf 86' lang='lat' dir='ltr'><strong>difficillima,</strong></span> <span class='ocrx_word' id='word_1_51' title='bbox 3469 3871 3550 3943; x_wconf 90' lang='lat' dir='ltr'><strong>in</strong></span> <span class='ocrx_word' id='word_1_52' title='bbox 3575 3892 3667 3943; x_wconf 91' lang='lat' dir='ltr'><strong>eo</strong></span> <span class='ocrx_word' id='word_1_53' title='bbox 3702 3866 3909 3967; x_wconf 85' lang='lat' dir='ltr'><strong>quod</strong></span> <span class='ocrx_word' id='word_1_54' title='bbox 3942 3866 4110 3944; x_wconf 65' lang='lat' dir='ltr'><strong>hu·-⁴</strong></span> 
     </span>
     <span class='ocr_line' id='line_1_9' title="bbox 1574 4002 4182 4102; baseline 0.001 -21"><span class='ocrx_word' id='word_1_55' title='bbox 1574 4079 1579 4088; x_wconf 78' lang='lat'><em>,</em></span> <span class='ocrx_word' id='word_1_56' title='bbox 1622 4031 1834 4081; x_wconf 91' lang='lat' dir='ltr'><strong>more</strong></span> <span class='ocrx_word' id='word_1_57' title='bbox 1846 4007 2313 4081; x_wconf 88' lang='lat' dir='ltr'><strong>constitutivo</strong></span> <span class='ocrx_word' id='word_1_58' title='bbox 2333 4003 2719 4078; x_wconf 85' lang='lat' dir='ltr'><strong>confestim</strong></span> <span class='ocrx_word' id='word_1_59' title='bbox 2741 4003 2982 4079; x_wconf 87' lang='lat' dir='ltr'><strong>orbati</strong></span> <span class='ocrx_word' id='word_1_60' title='bbox 3005 4002 3475 4100; x_wconf 82' lang='lat' dir='ltr'><strong>flaccescunt,</strong></span> <span class='ocrx_word' id='word_1_61' title='bbox 3505 4003 3677 4082; x_wconf 89' lang='lat' dir='ltr'><strong>dein</strong></span> <span class='ocrx_word' id='word_1_62' title='bbox 3696 4005 4093 4092; x_wconf 85' lang='lat' dir='ltr'><strong>difformes,</strong></span> <span class='ocrx_word' id='word_1_63' title='bbox 4167 4097 4182 4102; x_wconf 45' lang='grc'>,</span> 
     </span>
     <span class='ocr_line' id='line_1_10' title="bbox 1622 4140 3440 4239; baseline -0.002 -21"><span class='ocrx_word' id='word_1_64' title='bbox 1622 4140 1764 4222; x_wconf 83' lang='lat' dir='ltr'><strong>sub</strong></span> <span class='ocrx_word' id='word_1_65' title='bbox 1793 4140 1992 4214; x_wconf 88' lang='lat' dir='ltr'><strong>lente</strong></span> <span class='ocrx_word' id='word_1_66' title='bbox 2020 4142 2488 4237; x_wconf 85' lang='lat' dir='ltr'><strong>microscopii</strong></span> <span class='ocrx_word' id='word_1_67' title='bbox 2524 4143 2644 4214; x_wconf 86' lang='lat' dir='ltr'><strong>vix</strong></span> <span class='ocrx_word' id='word_1_68' title='bbox 2676 4141 3110 4214; x_wconf 85' lang='lat' dir='ltr'><strong>reviviscere</strong></span> <span class='ocrx_word' id='word_1_69' title='bbox 3140 4157 3440 4239; x_wconf 84' lang='lat' dir='ltr'><strong>queunt.</strong></span> 
     </span>
    </p>

    <p class='ocr_par' dir='ltr' id='par_1_4' title="bbox 1624 4271 4102 4760">
     <span class='ocr_line' id='line_1_11' title="bbox 1656 4271 4097 4375; baseline 0.005 -33"><span class='ocrx_word' id='word_1_70' title='bbox 1656 4326 1669 4342; x_wconf 92' lang='lat'><strong>.</strong></span> <span class='ocrx_word' id='word_1_71' title='bbox 1775 4278 2013 4375; x_wconf 78' lang='lat' dir='ltr'><strong>Fungi</strong></span> <span class='ocrx_word' id='word_1_72' title='bbox 2045 4292 2304 4351; x_wconf 89' lang='lat' dir='ltr'><strong>contra</strong></span> <span class='ocrx_word' id='word_1_73' title='bbox 2334 4273 2451 4352; x_wconf 88' lang='lat' dir='ltr'><strong>vel</strong></span> <span class='ocrx_word' id='word_1_74' title='bbox 2484 4277 2773 4350; x_wconf 85' lang='lat' dir='ltr'><strong>carnosi</strong></span> <span class='ocrx_word' id='word_1_75' title='bbox 2793 4272 2912 4351; x_wconf 88' lang='lat' dir='ltr'><strong>vel</strong></span> <span class='ocrx_word' id='word_1_76' title='bbox 2933 4271 3277 4375; x_wconf 88' lang='lat' dir='ltr'><strong>equidem</strong></span> <span class='ocrx_word' id='word_1_77' title='bbox 3301 4279 3623 4351; x_wconf 88' lang='lat' dir='ltr'><strong>coriacei</strong></span> <span class='ocrx_word' id='word_1_78' title='bbox 3639 4282 3872 4355; x_wconf 79' lang='lat' dir='ltr'><strong>serius</strong></span> <span class='ocrx_word' id='word_1_79' title='bbox 3891 4282 4097 4355; x_wconf 87' lang='lat' dir='ltr'><strong>ocius</strong></span> 
     </span>
     <span class='ocr_line' id='line_1_12' title="bbox 1625 4408 4096 4511; baseline 0.001 -25"><span class='ocrx_word' id='word_1_80' title='bbox 1625 4410 1722 4486; x_wconf 83' lang='lat' dir='ltr'><strong>ab</strong></span> <span class='ocrx_word' id='word_1_81' title='bbox 1749 4414 2049 4487; x_wconf 86' lang='lat' dir='ltr'><strong>insectis</strong></span> <span class='ocrx_word' id='word_1_82' title='bbox 2080 4408 2525 4511; x_wconf 90' lang='lat' dir='ltr'><strong>illorumque</strong></span> <span class='ocrx_word' id='word_1_83' title='bbox 2558 4408 2778 4485; x_wconf 79' lang='lat' dir='ltr'><strong>larvis</strong></span> <span class='ocrx_word' id='word_1_84' title='bbox 2810 4409 3018 4484; x_wconf 86' lang='lat' dir='ltr'><strong>brevi</strong></span> <span class='ocrx_word' id='word_1_85' title='bbox 3063 4429 3394 4510; x_wconf 78' lang='lat' dir='ltr'><strong>tempore</strong></span> <span class='ocrx_word' id='word_1_86' title='bbox 3433 4409 3881 4488; x_wconf 87' lang='lat' dir='ltr'><strong>devorantur</strong></span> <span class='ocrx_word' id='word_1_87' title='bbox 3913 4431 3983 4488; x_wconf 90' lang='lat' dir='ltr'><strong>et</strong></span> <span class='ocrx_word' id='word_1_88' title='bbox 4017 4418 4096 4488; x_wconf 89' lang='lat' dir='ltr'><strong>in</strong></span> 
     </span>
     <span class='ocr_line' id='line_1_13' title="bbox 1624 4547 4102 4652; baseline 0.001 -28"><span class='ocrx_word' id='word_1_89' title='bbox 1624 4549 2008 4648; x_wconf 88' lang='lat' dir='ltr'><strong>pulverem</strong></span> <span class='ocrx_word' id='word_1_90' title='bbox 2040 4548 2418 4625; x_wconf 82' lang='lat' dir='ltr'><strong>fatiscunt:</strong></span> <span class='ocrx_word' id='word_1_91' title='bbox 2449 4574 2492 4623; x_wconf 87' lang='lat' dir='ltr'><strong>a</strong></span> <span class='ocrx_word' id='word_1_92' title='bbox 2521 4573 2673 4648; x_wconf 87' lang='lat' dir='ltr'><strong>quo</strong></span> <span class='ocrx_word' id='word_1_93' title='bbox 2703 4549 3001 4623; x_wconf 88' lang='lat' dir='ltr'><strong>interitu</strong></span> <span class='ocrx_word' id='word_1_94' title='bbox 3031 4547 3236 4624; x_wconf 93' lang='lat' dir='ltr'><strong>nulla</strong></span> <span class='ocrx_word' id='word_1_95' title='bbox 3266 4552 3570 4625; x_wconf 89' lang='lat' dir='ltr'><strong>omnino</strong></span> <span class='ocrx_word' id='word_1_96' title='bbox 3602 4567 3756 4625; x_wconf 89' lang='lat' dir='ltr'><strong>arte</strong></span> <span class='ocrx_word' id='word_1_97' title='bbox 3788 4569 4102 4652; x_wconf 83' lang='lat' dir='ltr'><strong>possunt</strong></span> 
     </span>
     <span class='ocr_line' id='line_1_14' title="bbox 1627 4682 1947 4760; baseline 0.013 -3"><span class='ocrx_word' id='word_1_98' title='bbox 1627 4682 1947 4760; x_wconf 84' lang='lat' dir='ltr'><strong>defendi.</strong></span> 
     </span>
    </p>

    <p class='ocr_par' dir='ltr' id='par_1_5' title="bbox 1625 4816 4100 5469">
     <span class='ocr_line' id='line_1_15' title="bbox 1779 4816 4098 4923; baseline 0.001 -28"><span class='ocrx_word' id='word_1_99' title='bbox 1779 4824 2264 4923; x_wconf 82' lang='lat' dir='ltr'><strong>Nequaquam</strong></span> <span class='ocrx_word' id='word_1_100' title='bbox 2300 4837 2544 4894; x_wconf 88' lang='lat' dir='ltr'><strong>tamen</strong></span> <span class='ocrx_word' id='word_1_101' title='bbox 2573 4816 2760 4893; x_wconf 90' lang='lat' dir='ltr'><strong>haec</strong></span> <span class='ocrx_word' id='word_1_102' title='bbox 2792 4818 3247 4919; x_wconf 81' lang='lat' dir='ltr'><strong>vegetabilia‚</strong></span> <span class='ocrx_word' id='word_1_103' title='bbox 3287 4826 3442 4896; x_wconf 83' lang='lat' dir='ltr'><strong>sive</strong></span> <span class='ocrx_word' id='word_1_104' title='bbox 3468 4846 3609 4920; x_wconf 85' lang='lat' dir='ltr'><strong>per</strong></span> <span class='ocrx_word' id='word_1_105' title='bbox 3632 4847 3715 4898; x_wconf 85' lang='lat' dir='ltr'><strong>se</strong></span> <span class='ocrx_word' id='word_1_106' title='bbox 3742 4823 4098 4898; x_wconf 87' lang='lat' dir='ltr'><strong>conside-</strong></span> 
     </span>
     <span class='ocr_line' id='line_1_16' title="bbox 1625 4954 4099 5058; baseline 0.001 -27"><span class='ocrx_word' id='word_1_107' title='bbox 1625 4972 1818 5049; x_wconf 86' lang='lat' dir='ltr'><strong>rata,</strong></span> <span class='ocrx_word' id='word_1_108' title='bbox 1862 4960 2016 5048; x_wconf 79' lang='lat' dir='ltr'><strong>sive</strong></span> <span class='ocrx_word' id='word_1_109' title='bbox 2062 4981 2233 5030; x_wconf 89' lang='lat' dir='ltr'><strong>cum</strong></span> <span class='ocrx_word' id='word_1_110' title='bbox 2259 4954 2541 5057; x_wconf 89' lang='lat' dir='ltr'><strong>reliqua</strong></span> <span class='ocrx_word' id='word_1_111' title='bbox 2570 4956 3065 5052; x_wconf 75' lang='lat' dir='ltr'><strong>Vegetationis</strong></span> <span class='ocrx_word' id='word_1_112' title='bbox 3099 4958 3317 5056; x_wconf 89' lang='lat' dir='ltr'><strong>copia</strong></span> <span class='ocrx_word' id='word_1_113' title='bbox 3354 4976 3814 5058; x_wconf 87' lang='lat' dir='ltr'><strong>comparata,</strong></span> <span class='ocrx_word' id='word_1_114' title='bbox 3861 4985 3904 5032; x_wconf 90' lang='lat' dir='ltr'><strong>a</strong></span> <span class='ocrx_word' id='word_1_115' title='bbox 3933 4962 4099 5033; x_wconf 84' lang='lat' dir='ltr'><strong>Bo-</strong></span> 
     </span>
     <span class='ocr_line' id='line_1_17' title="bbox 1625 5089 4096 5196; baseline -0 -27"><span class='ocrx_word' id='word_1_116' title='bbox 1625 5095 1885 5169; x_wconf 80' lang='lat' dir='ltr'><strong>tanicis</strong></span> <span class='ocrx_word' id='word_1_117' title='bbox 1917 5091 2327 5194; x_wconf 83' lang='lat' dir='ltr'><strong>plerisque,</strong></span> <span class='ocrx_word' id='word_1_118' title='bbox 2371 5090 2630 5167; x_wconf 81' lang='lat' dir='ltr'><strong>saltem</strong></span> <span class='ocrx_word' id='word_1_119' title='bbox 2659 5094 2737 5165; x_wconf 86' lang='lat' dir='ltr'><strong>in</strong></span> <span class='ocrx_word' id='word_1_120' title='bbox 2770 5089 3253 5191; x_wconf 66' lang='lat' dir='ltr'><strong>specialibus,</strong></span> <span class='ocrx_word' id='word_1_121' title='bbox 3293 5092 3740 5194; x_wconf 81' lang='lat' dir='ltr'><strong>negligentia</strong></span> <span class='ocrx_word' id='word_1_122' title='bbox 3771 5095 4096 5196; x_wconf 83' lang='lat' dir='ltr'><strong>quadam</strong></span> 
     </span>
     <span class='ocr_line' id='line_1_18' title="bbox 1628 5218 4100 5333; baseline 0.001 -29"><span class='ocrx_word' id='word_1_123' title='bbox 1628 5229 2085 5306; x_wconf 84' lang='lat' dir='ltr'><strong>considerari</strong></span> <span class='ocrx_word' id='word_1_124' title='bbox 2131 5218 2491 5304; x_wconf 81' lang='lat' dir='ltr'><strong>viden&#39;tur.</strong></span> <span class='ocrx_word' id='word_1_125' title='bbox 2557 5232 2758 5303; x_wconf 89' lang='lat' dir='ltr'><strong>Dum</strong></span> <span class='ocrx_word' id='word_1_126' title='bbox 2807 5232 3004 5302; x_wconf 90' lang='lat' dir='ltr'><strong>enim</strong></span> <span class='ocrx_word' id='word_1_127' title='bbox 3050 5228 3470 5329; x_wconf 76' lang='lat' dir='ltr'><strong>plantarum</strong></span> <span class='ocrx_word' id='word_1_128' title='bbox 3514 5229 4100 5333; x_wconf 79' lang='lat' dir='ltr'><strong>phanerogami-</strong></span> 
     </span>
     <span class='ocr_line' id='line_1_19' title="bbox 1627 5364 4094 5469; baseline 0 -28"><span class='ocrx_word' id='word_1_129' title='bbox 1627 5391 1918 5457; x_wconf 87' lang='lat' dir='ltr'><strong>carum,</strong></span> <span class='ocrx_word' id='word_1_130' title='bbox 1950 5369 2197 5462; x_wconf 72' lang='lat' dir='ltr'><strong>‚immo</strong></span> <span class='ocrx_word' id='word_1_131' title='bbox 2235 5364 2583 5459; x_wconf 88' lang='lat' dir='ltr'><strong>Filicum,</strong></span> <span class='ocrx_word' id='word_1_132' title='bbox 2644 5368 3126 5456; x_wconf 49' lang='lat' dir='ltr'><strong>Muscorum„</strong></span> <span class='ocrx_word' id='word_1_133' title='bbox 3172 5365 3582 5440; x_wconf 83' lang='lat' dir='ltr'><strong>Lichenum</strong></span> <span class='ocrx_word' id='word_1_134' title='bbox 3636 5384 3707 5442; x_wconf 89' lang='lat' dir='ltr'><strong>et</strong></span> <span class='ocrx_word' id='word_1_135' title='bbox 3747 5368 4094 5469; x_wconf 84' lang='lat' dir='ltr'><strong>Algarum</strong></span> 
     </span>
    </p>
   </div>
   <div class='ocr_carea' id='block_1_3' title="bbox 1631 5617 4093 5777">
    <p class='ocr_par' dir='ltr' id='par_1_6' title="bbox 1631 5617 4093 5777">
     <span class='ocr_line' id='line_1_20' title="bbox 1764 5617 4093 5691; baseline 0 -20"><span class='ocrx_word' id='word_1_136' title='bbox 1764 5619 1793 5648; x_wconf 83' lang='lat'><strong>*</strong></span> <span class='ocrx_word' id='word_1_137' title='bbox 1826 5617 1969 5672; x_wconf 83' lang='lat' dir='ltr'><strong>Vide</strong></span> <span class='ocrx_word' id='word_1_138' title='bbox 2014 5633 2209 5672; x_wconf 77' lang='lat' dir='ltr'><strong>novam</strong></span> <span class='ocrx_word' id='word_1_139' title='bbox 2244 5618 2554 5686; x_wconf 70' lang='lat' dir='ltr'><strong>Euagon-um</strong></span> <span class='ocrx_word' id='word_1_140' title='bbox 2602 5617 3084 5672; x_wconf 69' lang='lat' dir='ltr'><strong>Clauiflcationem</strong></span> <span class='ocrx_word' id='word_1_141' title='bbox 3121 5617 3317 5671; x_wconf 76' lang='lat' dir='ltr'><strong>editam</strong></span> <span class='ocrx_word' id='word_1_142' title='bbox 3351 5618 3406 5671; x_wconf 89' lang='lat' dir='ltr'><strong>in</strong></span> <span class='ocrx_word' id='word_1_143' title='bbox 3440 5620 3608 5673; x_wconf 74' lang='lat' dir='ltr'><strong>Flora</strong></span> <span class='ocrx_word' id='word_1_144' title='bbox 3646 5637 3765 5674; x_wconf 74' lang='lat' dir='ltr'><strong>mea</strong></span> <span class='ocrx_word' id='word_1_145' title='bbox 3792 5622 4093 5691; x_wconf 66' lang='lat' dir='ltr'><strong>parisiensi,</strong></span> 
     </span>
     <span class='ocr_line' id='line_1_21' title="bbox 1631 5719 3705 5777; baseline 0 -2"><span class='ocrx_word' id='word_1_146' title='bbox 1631 5722 1663 5775; x_wconf 78' lang='lat'><strong>3</strong></span> <span class='ocrx_word' id='word_1_147' title='bbox 1694 5721 1784 5773; x_wconf 83' lang='lat' dir='ltr'><strong>vol</strong></span> <span class='ocrx_word' id='word_1_148' title='bbox 1819 5721 1962 5776; x_wconf 72' lang='lat' dir='ltr'><strong>iri-8⁰</strong></span> <span class='ocrx_word' id='word_1_149' title='bbox 1994 5736 2119 5774; x_wconf 86' lang='lat' dir='ltr'><strong>cum</strong></span> <span class='ocrx_word' id='word_1_150' title='bbox 2146 5721 2347 5775; x_wconf 71' lang='lat' dir='ltr'><strong>tabulic</strong></span> <span class='ocrx_word' id='word_1_151' title='bbox 2375 5722 2559 5776; x_wconf 65' lang='lat' dir='ltr'><strong>aeneis</strong></span> <span class='ocrx_word' id='word_1_152' title='bbox 2596 5721 2869 5776; x_wconf 70' lang='lat' dir='ltr'><strong>coloratin.</strong></span> <span class='ocrx_word' id='word_1_153' title='bbox 2923 5721 3055 5776; x_wconf 71' lang='lat'><strong>1826</strong></span> <span class='ocrx_word' id='word_1_154' title='bbox 3078 5726 3135 5775; x_wconf 84' lang='lat' dir='ltr'><strong>ct</strong></span> <span class='ocrx_word' id='word_1_155' title='bbox 3163 5719 3404 5775; x_wconf 62' lang='lat' dir='ltr'><strong>necunde</strong></span> <span class='ocrx_word' id='word_1_156' title='bbox 3420 5720 3521 5776; x_wconf 62' lang='lat' dir='ltr'><strong>ed.</strong></span> <span class='ocrx_word' id='word_1_157' title='bbox 3557 5723 3705 5777; x_wconf 76' lang='lat'><strong>1836.</strong></span> 
     </span>
    </p>
   </div>
  </div>
 </body>
</html>
