5635 7897
2098 2052 2118 2065 ,
2252 1916 3094 2022 CONIOPHORA..

1796 2159 2162 2234 Conioplsora·
2195 2161 2336 2215 D-C.
2377 2159 2617 2215 Clasvoll.
2655 2159 3024 2232 stelephuros
3056 2175 3191 2230 spec.
3226 2170 3531 2214 auctorum.

1607 2365 1831 2431 Pileus
1884 2367 2098 2431 tenuis
2150 2366 2219 2428 in
2261 2364 2693 2430 membranam
2738 2363 3180 2428 orbicularem
3225 2360 3734 2450 difformemque
3776 2383 3893 2427 ex-

1431 2505 1703 2572 pansus,
1744 2486 2036 2570 margine
2076 2483 2374 2567 byssin03
2414 2484 2547 2548 asoi
2589 2480 2963 2567 imperfecti
3005 2482 3240 2546 clavati
3252 2504 3276 2563 3
3330 2480 3621 2568 sporidia
3663 2482 3893 2569 copio-

1433 2603 1671 2670 sissima
1712 2602 1873 2688 pilei
1914 2600 2269 2688 superficie
2312 2599 2552 2682 effusa,
2605 2598 2960 2664 secundum
2997 2598 3205 2684 plicas
3249 2611 3318 2664 ot
3356 2598 3520 2685 pilei
3560 2596 3895 2666 anfractus

1434 2722 1763 2809 disposita.

1602 2835 1771 2908 obs.
1812 2838 2035 2902 Genus
2077 2855 2158 2900 ex
2198 2833 2645 2923 sporidiorum
2688 2835 3110 2920 dispositione
3154 2836 3593 2919 efformatum,
3646 2851 3713 2903 at
3750 2859 3900 2905 cae-

1432 2975 1648 3027 terum
1689 2960 2068 3048 quibusdam
2095 2958 2533 3046 Thelephoris
2560 2959 3070 3024 membranaceis
3103 2969 3623 3022 consentaneum.
3666 2957 3895 3022 Primo

1431 3079 1758 3163 byssinum
1798 3078 2061 3145 videtur
2103 3091 2421 3144 contextu
2462 3099 2628 3143 vere
2672 3077 2969 3142 ssoccoso
2990 3123 3010 3156 ,
3054 3076 3207 3140 dein
3234 3076 3300 3141 in
3335 3075 3752 3139 substantiam
3784 3072 3897 3139 fir·

1432 3196 1710 3260 miorem
1761 3196 2369 3282 subcartilagineam
2418 3196 2570 3280 plus
2609 3196 2902 3259 minusve
2953 3194 3309 3278 plicatilem
3360 3206 3475 3257 aut
3524 3192 3899 3260 undulatam

1437 3326 1646 3379 aetate
1687 3315 2118 3399 provectiore
2160 3326 2466 3378 mutatur.

1968 3583 2599 3650 ‘comornona
2651 3582 3333 3662 MEMBRANACEA.

1611 3806 1717 3869 Ad
1757 3820 1942 3891 septa
1983 3807 2197 3891 lignea
2238 3776 2506 3890 putrida
2547 3807 2846 3891 gregaria
2880 3802 3085 3868 effusa
3110 3802 3463 3886 difformis,
3489 3804 3671 3889 pileo
3697 3805 3897 3870 modo

1438 3925 1864 3991 determinato
1926 3923 2323 4006 orbiculari,
2381 3922 2580 3988 modo
2642 3924 2843 4010 longe
2900 3920 3113 3986 effuso
3164 3924 3350 3987 tenui
3398 3923 3898 3990 membranaceo

1435 4046 1984 4131 gibboso-plicato
2013 4066 2051 4108 e
2078 4020 2267 4109 luteo
2299 4045 2866 4109 subcinnamomeo
2888 4043 3394 4124 violascenteve,
3428 4043 3717 4128 margine
3748 4044 3900 4128 bys·

1436 4165 1601 4246 sino,
1650 4161 1907 4229 tandem
1947 4184 2075 4247 per
2116 4177 2396 4229 aetatem
2435 4163 3018 4248 subcartilagineo,
3060 4160 3288 4226 subtus
3329 4162 3548 4227 albido
3575 4162 3895 4244 floccoso,

1433 4285 1741 4369 sporidiis
1777 4281 2230 4367 copiosissimis
2267 4281 2475 4348 oratis
2500 4280 2959 4347 cinnamomeis
2997 4281 3174 4345 inter
3210 4281 3417 4367 plicas
3457 4295 3527 4347 et
3565 4282 3894 4349 anfractus

1434 4404 1597 4487 pilei
1637 4403 2053 4468 coacervatis.

1652 4607 2000 4678 Coniophora
2035 4605 2452 4660 membranacea.
2486 4607 2626 4659 D-C.
2660 4582 2746 4659 Fi.
2763 4609 2856 4676 ᾖ.
2891 4608 3033 4676 supl.
3067 4626 3124 4675 p.
3159 4606 3246 4674 34.
3284 4606 3525 4661 waall.
3556 4608 3643 4661 Fl.
3674 4608 3896 4677 par-sd.

1612 4684 1621 4693 ο
1747 4726 1800 4774 2,
1843 4726 1890 4777 ι,
1922 4727 1978 4778 p.
2014 4707 2103 4776 84,
2137 4718 2180 4761 t.
2210 4709 2266 4771 6,
2282 4707 2401 4779 fig.
2434 4724 2486 4761 n.
2780 4704 2786 4710 “

1629 4895 1879 4959 Crescit
1920 4906 2224 4967 autumno
2271 4894 2335 4955 in
2378 4893 2541 4957 locis
2583 4894 2861 4957 humidis
2902 4895 3252 4956 hortorum
3279 4894 3360 4955 ad
3402 4893 3574 4979 ligna
3613 4893 3897 4978 putrida,

1445 5011 1677 5099 quibus
1736 5024 1875 5077 tota
1927 5011 2240 5074 inhaeret.
2308 5014 2493 5074 Hanc
2545 5011 2830 5095 speciem
2875 5012 3096 5103 inveni
3137 5011 3206 5073 in
3247 5011 3448 5075 horto
3489 5013 3678 5098 regio
3722 5015 3897 5097 pari·

1442 5130 1632 5194 siensi
1678 5144 1745 5194 et
1785 5131 1852 5192 in
1897 5129 2218 5194 Colmaria
2261 5129 2429 5192 urbe
2472 5129 2540 5191 in
2582 5128 2840 5192 Alsatia.

1619 5249 1808 5312 Cette
1850 5247 2085 5331 espece
2130 5249 2317 5310 croit
2359 5266 2439 5310 en
2490 5260 2795 5311 automne
2840 5247 2996 5310 dans
3039 5247 3139 5310 les
3181 5246 3353 5310 lieux
3397 5245 3740 5333 ombrages
3784 5247 3899 5312 des

1444 5363 1687 5448 jardin's
1740 5386 1855 5428 sur
1905 5365 2002 5427 les
2065 5377 2342 5449 pontres
2400 5385 2489 5427 ou
2547 5365 2642 5429 les
2699 5365 2987 5430 clotures
3032 5387 3113 5429 en
3154 5364 3465 5449 planches
3508 5361 3822 5449 exposees
3862 5367 3901 5429 εὶ

1447 5480 1802 5546 l’bumidite
1847 5495 1914 5545 et
1957 5483 1992 5546 a
2037 5481 2576 5566 demi-pourries,
2622 5485 2712 5547 οὺ
2747 5483 2877 5546 elle
2904 5480 3115 5547 forme
3147 5482 3260 5547 des
3288 5484 3669 5569 expansions
3700 5504 3898 5547 mem·

1452 5600 1834 5681 brunenses,
1865 5598 2253 5681 adherentes
2277 5623 2396 5686 par
2422 5614 2611 5666 toute
2639 5600 2788 5681 leur
2815 5600 3109 5682 surface,
3152 5603 3427 5683 minces,
3468 5600 3899 5667 orbiculaires

1434 5717 1860 5802 ‚lorsqu’elles
1892 5718 2171 5783 naissent
2193 5740 2309 5784 sur
2342 5740 2471 5784 une
2504 5718 2762 5784 surface
2791 5720 2977 5802 lisse,
3015 5723 3199 5802 unie,
3236 5743 3315 5784 au
3344 5722 3673 5786 contraire
3697 5722 3898 5784 inter·

1448 5855 1754 5920 rompues
1789 5849 1857 5901 et
1889 5834 2230 5922 alongees,
2254 5839 2409 5922 plus
2439 5859 2525 5902 ou
2553 5839 2761 5903 moins
2785 5839 3030 5924 larges,
3068 5840 3282 5925 quand
3314 5840 3476 5907 elles
3504 5838 3761 5907 suivent
3791 5839 3885 5901 les

3458 5962 3493 6014 7
