5635 7897
1683 1926 1833 1997 Eos
1875 1924 2171 1996 tantum*
2211 1917 2548 2020 depinxi,
2591 1944 2781 2020 quos
2825 1922 3097 2020 magno
3126 1927 3437 1994 numero
3469 1925 3680 2020 potui
3727 1922 3997 2023 legere.

1532 2057 1751 2135 Haud
1781 2062 2102 2133 minores
2140 2060 2336 2130 enim
2366 2054 2631 2129 exinde
2663 2058 3026 2153 originem
3052 2053 3418 2131 duxerunt
3454 2081 3759 2151 ert-orm,
3797 2058 4006 2160 quo‘d

1533 2206 1878 2272 auctores·
1902 2193 2291 2268 frustulum
2324 2191 2702 2292 quoddam
2729 2217 2775 2266 a
2810 2216 3071 2265 norma
3100 2190 3485 2285 aberrans,
3531 2191 3650 2267 vel
3684 2198 4008 2269 varieta-

1532 2350 1680 2406 tem
1721 2328 2167 2431 quamdam,
2219 2327 2335 2402 vel
2382 2343 2649 2402 statum
2681 2327 2890 2426 fungi
2942 2330 3418 2401 vetustiorem
3450 2345 3576 2402 aut
3630 2330 4008 2428 juniorem

1531 2480 2122 2569 repraesentans,
2174 2488 2314 2563 pro
2362 2466 2611 2562 specie
2652 2487 2847 2536 nova
2892 2459 3288 2537 habuerint
3333 2479 3406 2537 et
3460 2462 4008 2564 descripserint&

1530 2608 1693 2702 Ego
1726 2619 1982 2676 contra
2017 2603 2291 2699 speciei
2330 2601 2651 2698 cujusvis
2691 2623 2913 2697 quam
2952 2597 3270 2696 plurima
3302 2596 3716 2692 individua,
3752 2604 4011 2674 mino·-

1530 2765 1705 2812 rum·
1724 2737 1820 2812 ad
1847 2752 2143 2811 eentum
2172 2760 2448 2835 usque,
2496 2733 2759 2832 collegi
2787 2749 2858 2808 et
2894 2731 3367 2808 delineandos
3394 2731 3698 2807 domum
3731 2739 4006 2832 portari

1534 2877 1820 2967 curavi3
1872 2890 2094 2973 atque
2125 2897 2214 2945 ex
2247 2869 2365 2946 his
2398 2870 2721 2971 denique
2754 2868 2920 2944 illos
2954 2868 3179 2968 elegi,
3212 2893 3436 2968 quos,
3477 2872 3606 2968 qui
3637 2868 4010 2967 depinge-

1531 3026 1824 3101 rentur,
1865 3007 2331 3107 dignissimos
2365 3008 2782 3081 existimavi.
2837 3010 2942 3080 lta
2966 3005 3241 3079 factum
3283 3023 3413 3099 ωε,
3436 3020 3518 3079 ut
3544 3030 3694 3080 non
3714 3005 4010 3082 solum-

1533 3143 1759 3217 modo
1789 3142 2251 3219 individuum
2271 3196 2291 3234 ,
2322 3140 2455 3216 sed
2487 3145 2704 3216 etiam
2733 3144 3058 3239 speciem
3092 3139 3536 3218 exhiberem.

1686 3282 2031 3354 Omnium
2072 3281 2500 3352 varietatum
2560 3281 2837 3377 speciei
2894 3275 3281 3376 eujusdam
3330 3275 3720 3376 diligenter
3762 3295 4010 3350 atten-

1533 3419 1811 3489 tionem
1868 3411 2133 3506 habui,
2191 3430 2264 3488 et
2323 3440 2511 3515 quas
2555 3439 2813 3489 eorum
2872 3416 3308 3506 invenerim,
3370 3413 3630 3489 sedulo
3686 3413 4009 3512 depinxi.

1534 3553 1907 3659 Quantum
1938 3552 2203 3640 variat,
2254 3565 2382 3633 aut
2409 3549 2708 3624 Boletus
2742 3546 2977 3624 edulis
2996 3605 3017 3642 ,
3055 3554 3337 3651 quippe
3380 3555 3510 3652 qui
3540 3550 4010 3650 superficiem

1531 3684 1759 3761 habet
1798 3703 2247 3777 castaneam,
2284 3683 2616 3778 badium,
2652 3684 3120 3784 fuligineam‚
3153 3685 3374 3762 tubos
3405 3687 3642 3762 luteo's
3688 3686 4011 3778 alhosve3

1533 3828 1852 3923 stipitem
1887 3849 2088 3897 nunc
2112 3823 2413 3898 brevem
2444 3822 2602 3897 basi
2636 3820 3021 3913 tumidum,
3060 3847 3260 3896 nunc
3287 3822 3793 3923 longissimum
3820 3821 4013 3896 sub-

1536 3959 1960 4061 aequalem,
2000 3978 2126 4035 aut
2154 3959 2565 4060 Polyporus
2599 3965 2968 4053 cristatus,
2996 3959 3399 4053 Sehaeffer,
3432 3965 3798 4035 rarissima
3830 3986 4012 4059 spe-

1538 4100 1687 4171 eies
1741 4123 1930 4197 quae
1990 4123 2129 4197 pro
2189 4114 2457 4190 aetate,
2517 4096 2633 4171 vel
2690 4097 2931 4171 fo‘rma
2980 4095 3100 4171 vel
3156 4095 3410 4170 colore
3450 4097 3852 4189 variabili&
3916 4097 4010 4170 ab

1538 4250 1838 4307 auctore
1881 4236 2100 4306 citato
2139 4237 2211 4305 in
2263 4251 2455 4308 statu
2503 4235 2879 4308 vetustiori
2928 4232 3255 4332 depicta,
3320 4251 3393 4308 et
3430 4260 3621 4335 qnae
3671 4239 3744 4308 in
3792 4239 4012 4308 unico·

1411 4398 1427 4410 ·
1537 4368 1707 4441 loeo
1737 4371 2194 4466 Vogesorum
2233 4368 2670 4467 jamdudum
2702 4395 2749 4444 a
2776 4372 3070 4469 ‘Mappo
3107 4385 3180 4444 et
3210 4367 3393 4444 mihi
3418 4396 3709 4446 rursum
3742 4370 4023 4445 obser-2

1540 4521 1706 4578 vata
1743 4521 1869 4578 est.

1692 4643 1846 4715 Nec
1879 4644 2185 4717 minoris
2214 4643 2566 4714 momenti
2598 4638 2897 4714 fuerunt
2930 4639 3214 4716 diversa
3248 4640 3458 4740 fungi
3487 4641 3740 4716 stadia.
3797 4635 4016 4715 Sem4-
4054 4634 4068 4640 ⁸

1542 4801 1678 4875 per
1712 4776 1922 4877 fungi
1958 4776 2283 4852 medium
2320 4776 2714 4852 dissectum
2746 4778 2976 4876 pinxi.
3027 4776 3308 4851 Exinde
3334 4781 3528 4852 enim
3554 4777 4014 4853 lamellarum

1541 4930 1667 4988 aut
1700 4913 2052 4989 tuborum
2093 4917 2393 4989 insertio
2427 4939 2566 4988 nee
2593 4916 2837 4988 minus
2875 4912 3053 5013 pilei
3077 4916 3489 5014 stipitisque
3519 4918 3705 4988 ratio
3734 4918 4018 5013 optime

1541 5066 1772 5149 patet,
1810 5049 2019 5152 quod
2045 5055 2121 5126 in
2156 5050 2650 5151 descriptione
2682 5049 3003 5149 plurima
3031 5052 3337 5150 requirit
3372 5049 3620 5140 verba,
3648 5054 4012 5124 sinautem

1545 5212 1697 5260 uno
1746 5185 1956 5288 quasi
2013 5192 2280 5263 intuitu
2313 5187 2427 5262 ab
2474 5188 2960 5263 observatore
3007 5184 3295 5260 erudito
3338 5184 4022 5284 comprehenditur.

1545 5325 1780 5423 Saepe
1826 5327 2045 5399 etiam
2094 5351 2266 5424 pars
2306 5310 2595 5399 resecta
2635 5339 2870 5399 mutat
2909 5323 3235 5399 colorem
3256 5379 3277 5417 ‚
3331 5323 3536 5427 quod
3578 5320 3879 5423 quidem
3937 5325 4016 5394 in

1545 5458 2067 5559 dignoscendis
2102 5464 2376 5560 Fungis
2411 5459 2644 5535 multo
2678 5464 2973 5560 gravius
3007 5477 3468 5535 momentum
3509 5475 3656 5549 est,
3684 5485 3915 5559 quam
3951 5463 4022 5533 si

1547 5596 1756 5672 color
1785 5614 2129 5674 externus
2161 5598 2279 5675 velw
2306 5597 2546 5673 forma
2574 5614 2860 5673 tantum
2889 5599 2982 5697 sit
3009 5612 3316 5690 mutata,
3346 5622 3516 5671 eum
3550 5596 3756 5696 fungi
3787 5615 4020 5671 totam

1546 5733 2033 5810 substantiam
2067 5738 2520 5809 immutatam
2573 5759 2734 5810 esse
2782 5731 3254 5809 demonstret.
3326 5735 3442 5807 Sie
3489 5732 3781 5811 Boletus
3830 5760 4021 5833 eya-
