5635 7897
1597 1890 1997 1990 immensus
2025 1936 2375 1990 numerus
2400 1918 2661 1992 eximie
2685 1913 3131 2015 descriptus,
3172 1931 3244 1990 et
3275 1910 3619 1991 omnibt'ts
3649 1913 3806 1992 fere
3841 1912 4075 1993 Rota-‘-
4125 1968 4130 1975 ·

1597 2055 1784 2126 nicis
1810 2068 2028 2126 notus
2062 2067 2207 2126 estz
2255 2049 2451 2125 banc
2481 2053 2859 2151 ingentem
2895 2050 3244 2125 familiam
3284 2053 3383 2125 ita
3404 2049 3826 2127 derelictam
3856 2052 4076 2129 vide-

1598 2213 1802 2283 mus,
1867 2202 1950 2260 ut
2015 2188 2238 2286 pauci
2286 2190 2434 2262 sint
2494 2189 2867 2269 Botanici,
2932 2188 3063 2287 qui
3129 2201 3556 2262 venenatos.
3585 2186 3685 2264 ab
3732 2186 4076 2268 edulibus

1597 2321 2051 2422 dignoscant.

1746 2461 2085 2533 Attamen
2117 2454 2326 2559 quod
2344 2459 2410 2532 si
2440 2473 2820 2559 praeterea
2844 2482 3059 2532 usum
3094 2482 3351 2531 eorum
3384 2454 3890 2556 multiplicem,
3914 2475 4071 2535 tum

1592 2595 1669 2666 in
1705 2591 2040 2687 cibariis,
2086 2609 2245 2667 tum
2285 2595 2362 2666 in
2403 2591 2808 2687 Medicina,
2854 2609 3006 2667 tum
3043 2596 3117 2669 in
3163 2590 3386 2667 rebus
3426 2590 3884 2688 domesticis,
3930 2621 4075 2672 nec

1594 2731 1841 2801 minus
1864 2752 2168 2819 noxam,
2201 2714 2333 2803 sed
2370 2730 2588 2801 etiam
2624 2731 2947 2804 virosum
2985 2728 3360 2822 effectum,
3396 2730 3524 2828 qui
3560 2753 3651 2802 ex
3682 2730 4073 2829 speciebus

1595 2858 1893 2937 temere'
1922 2865 2359 2961 permutatis
2418 2864 2594 2936 oriri
2640 2879 2921 2962 potest,
2985 2863 3577 2960 consideramus3
3638 2870 4071 2967 praesertim

1595 2990 1764 3073 cum
1800 3002 1877 3091 in
1903 2996 2405 3083 diversissimis
2448 3003 2658 3073 terris
2704 3000 3130 3100 frequenter
3171 3006 3665 3102 reperianturz
3714 3027 3872 3075 non
3917 3026 4074 3101 po-

1593 3139 1895 3210 terimus
1941 3138 2275 3209 assentiri
2324 3161 2583 3210 eorum
2632 3141 2969 3212 notitiam
3018 3136 3308 3212 Medico
3358 3141 4074 3239 unicuique,''prao-

1591 3273 1841 3347 sertim
1878 3269 2221 3370 legifero,
2275 3269 2481 3344 nullo
2514 3271 2740 3376 m‘odo
2773 3298 2934 3349 esse
2963 3272 3503 3373 negligendam.

1741 3410 1937 3481 Inter
1967 3432 2221 3482 causas
2254 3405 2476 3506 hujus
2518 3407 2894 3507 neglectus
2931 3414 3375 3510 praecipuas
3406 3410 3838 3485 enumerare
3883 3435 4073 3509 pos-

1587 3567 1752 3618 sum
1784 3561 1857 3617 et
1887 3568 1975 3618 ea
2003 3547 2317 3620 maxima
2354 3543 2687 3645 estquod
2716 3550 2954 3647 Fungi
2989 3571 3165 3639 non,
3196 3551 3383 3621 sicut
3403 3548 3731 3647 reliquae
3755 3545 4072 3646 plantae,

1592 3671 2013 3756 conservari
2067 3695 2138 3753 et
2180 3676 2530 3755 herbario
2573 3682 2971 3758 commode
3015 3683 3240 3784 adjici
3276 3699 3622 3783 possunt,
3663 3685 4067 3757 immovero

1595 3816 1929 3919 eoquod
1957 3819 2288 3893 Botauici
2324 3819 2610 3916 species
2642 3824 3069 3920 Fungorum
3092 3845 3335 3919 vagas,
3367 3844 3505 3894 nec
3532 3837 3730 3895 certe
3761 3836 3833 3893 et
3857 3830 4071 3893 acute

1589 3954 1935 4030 limitatas
1968 3981 2129 4032 esse
2165 3954 2569 4030 crederent.

1743 4096 1908 4166 Hoc
1955 4090 2133 4166 olim
2179 4089 2517 4193 quidem,
2562 4075 2743 4165 cum*
2778 4096 3205 4192 Fungorum
3256 4095 3570 4168 Historia
3614 4091 3821 4166 rudis
3872 4090 4071 4167 indi-

1590 4244 1943 4330 gestaque
1972 4226 2205 4302 moles
2234 4244 2456 4322 esset,
2502 4254 2758 4307 revera
2792 4233 2892 4304 ita
2934 4256 3016 4304 se
3067 4228 3452 4322 habuisse,
3495 4232 3772 4303 nemini
3802 4231 4064 4304 mirum

1588 4364 1819 4441 videri
1857 4363 2100 4438 debet.
2146 4368 2309 4438 Jam
2341 4389 2517 4438 vero
2562 4390 2730 4438 cum
2763 4365 3084 4465 plurima
3115 4364 3686 4441 Observatorum
3727 4367 4073 4439 acutissi-

1587 4525 1882 4573 morum
1914 4502 2224 4599 scripta,
2271 4502 2662 4604 intel-qnae
2685 4502 2931 4577 Linkii
2973 4504 3270 4601 Species
3318 4515 3392 4574 et
3439 4502 3695 4573 Friesii
3738 4502 4067 4597 systema

1590 4637 2176 4737 mycologicum,
2228 4639 2561 4712 notitiam
2620 4663 2882 4711 eorum
2925 4635 3232 4711 fecerint
3293 4635 3715 4711 firmiorem
3755 4651 3826 4708 et
3884 4657 4069 4712 cou-

1590 4779 2058 4867 stantiorem3
2125 4778 2292 4877 ejus
2339 4774 2665 4850 studium
2713 4773 3182 4849 Observatori
3237 4771 3569 4872 diligenti
3623 4797 3772 4846 non
3819 4774 4066 4845 minus

1590 4911 1770 4986 utile
1818 4909 2345 5012 et‘jucundum
2403 4928 2544 5003 est,
2605 4938 2830 5012 quam
2879 4910 3329 5010 reliquarum
3373 4909 3607 5008 Regni
3641 4905 4067 5005 vegetabilis

1486 5025 1489 5032 ⁴
1590 5048 2076 5122 Familiarum.
2141 5051 2305 5122 Hoc
2336 5052 2557 5148 igitur
2585 5046 3194 5148 impedimentum
3224 5049 3492 5146 partim
3523 5042 3890 5119 sublatum
3919 5059 4065 5134 est-3

1589 5185 1712 5260 illa
1757 5210 1933 5259 vero
1981 5184 2375 5261 difficultas
2424 5201 2774 5285 superest.
2863 5188 3102 5278 Quam
3147 5161 3447 5284 quidem
3500 5183 3790 5256 ratione'
3841 5177 4066 5279 hujus

1591 5325 1840 5421 operis
1872 5320 2131 5396 tollere
2157 5321 2349 5398 volo.

1741 5461 2001 5531 lcones
2037 5482 2261 5559 quam
2286 5458 2445 5534 fieri
2471 5476 2711 5559 potest
2746 5457 3325 5533 accuratissimas
3366 5453 3763 5554 fungorum
3818 5451 4064 5529 seleon

1592 5608 1839 5666 torum
1886 5596 1965 5667 in
2009 5592 2354 5670 herbario
2396 5617 2550 5669 non
2595 5591 3143 5670 asservabilium
3174 5589 3396 5667 edere
3424 5593 3810 5685 constitui,
3854 5567 4060 5691 quod

1590 5727 1897 5836 guidem
1943 5755 2133 5830 opus
2168 5728 2493 5820 herbarii
2530 5734 2729 5815 vices
2765 5725 2970 5804 omni
3017 5726 3241 5802 modo
3282 5724 3584 5826 expleat.
3685 5719 3691 5726 ’
